@misc{anzt2020ginkgo,
    title={Ginkgo: A Modern Linear Operator Algebra Framework for High Performance Computing},
    author={Hartwig Anzt and Terry Cojean and Goran Flegar and Fritz Göbel and Thomas Grützmacher and Pratik Nayak and Tobias Ribizel and Yuhsiang Mike Tsai and Enrique S. Quintana-Ortí},
    year={2020},
    eprint={2006.16852},
    archivePrefix={arXiv},
    primaryClass={cs.MS}
}
@misc{Heroux-SDK-Podcast,
	author = {Michael A.~Heroux},
	title = {Episode 17: Making the Development of Scientific Applications Effective and Efficient},
	date = {May 10, 2018},
	note = {\url{https://soundcloud.com/exascale-computing-project/episode-17-making-the-development-of-scientific-applications-effective-and-efficient}},
	organization = {The Exascale Computing Project},
}
@unpublished{Thakur2017GapAnalysis,
	author = {Rajeev Thakur and Pat McCormick and Jim Ahrens and Al Geist and Michael A.~Heroux and Rob Neely and Rob Ross and Martin Schulz and Jeff Vetter},
	title = {ECP Software Technology Gap Analysis},
	date = {September 30, 2017},
	note = {This is an internal report for the Exascale Computing Project, Software Technology Focus Area},
}
@misc{TOSS,
	author = {Livermore Computing},
	title = {TOSS: Speeding Up Commodity Cluster Computing},
	date = {May 25, 2018},
	url = {https://computation.llnl.gov/projects/toss-speeding-commodity-cluster-computing},
	note = {\url{https://computation.llnl.gov/projects/toss-speeding-commodity-cluster-computing}},
}
@misc{OpenHPC,
	author = {OpenHPC},
	title = {Community building blocks for HPC systems},
	date = {May 25, 2018},
	url = {http://openhpc.community},
	note = {\url{http://openhpc.community}},
}
@Article{FFTW05,
	author = 	 {Frigo, Matteo and Johnson, Steven~G.},
	title = 	 {The Design and Implementation of {FFTW3}},
	journal = 	 {Proceedings of the IEEE},
	year = 	 2005,
	volume =	 93,
	number =	 2,
	pages =	 {216--231},
	note =	 {Special issue on ``Program Generation, Optimization, and Platform Adaptation''}
}
@misc{413.3B,
  author = "Paul Basco",
 title = {{DOE Order 413.3B: Program and Project Management (PM) for the Acquisition of Capital Assets, Significant Changes to the Order}},
 url = {https://www.energy.gov/sites/prod/files/maprod/documents/15-1025_Bosco.pdf},
 note = {\url{https://www.energy.gov/sites/prod/files/maprod/documents/15-1025_Bosco.pdf}}
}
